<?xml version="1.0" encoding="UTF-8"?><record xmlns="http://www.loc.gov/MARC21/slim" xmlns:cinclude="http://apache.org/cocoon/include/1.0" xmlns:zs="http://www.loc.gov/zing/srw/">
  <leader>00835cz  a2200181n  4500</leader>
  <controlfield tag="001">n  88617617 </controlfield>
  <controlfield tag="003">DLC</controlfield>
  <controlfield tag="005">19910409083453.6</controlfield>
  <controlfield tag="008">880309n| acannaab|          |a aaa |||  </controlfield>
  <datafield tag="010" ind1=" " ind2=" ">
    <subfield code="a">n  88617617 </subfield>
  </datafield>
  <datafield tag="040" ind1=" " ind2=" ">
    <subfield code="a">DLC</subfield>
    <subfield code="c">DLC</subfield>
    <subfield code="d">DLC</subfield>
  </datafield>
  <datafield tag="100" ind1="1" ind2="0">
    <subfield code="a">Somapurā, Prabhāśaṅkara Oghaḍabhāī,</subfield>
    <subfield code="d">1896-</subfield>
  </datafield>
  <datafield tag="400" ind1="1" ind2="0">
    <subfield code="w">nnaa</subfield>
    <subfield code="a">Sompura, Prabhashankar Oghadbhai</subfield>
  </datafield>
  <datafield tag="400" ind1="1" ind2="0">
    <subfield code="a">Sompura, Prabhashankar Oghadbhai,</subfield>
    <subfield code="d">1896-</subfield>
  </datafield>
  <datafield tag="400" ind1="0" ind2="0">
    <subfield code="a">Prabhashankar Oghadbhai Sompura,</subfield>
    <subfield code="d">1896-</subfield>
  </datafield>
  <datafield tag="400" ind1="0" ind2="0">
    <subfield code="a">Prabhāśaṅkara Oghaḍabhāī Somapurā,</subfield>
    <subfield code="d">1896-</subfield>
  </datafield>
  <datafield tag="670" ind1=" " ind2=" ">
    <subfield code="a">nuc87-45406: Author's Album of Indian architectural designs, c1977</subfield>
    <subfield code="b">(hdg. on MCM rept.: Sompura, Prabhashankar Oghadbhai, 1896- ; usage: Prabhashankar O. Sompura)</subfield>
  </datafield>
  <datafield tag="670" ind1=" " ind2=" ">
    <subfield code="a">LC data base, 3/9/88</subfield>
    <subfield code="b">(hdg.: Sompura, Prabhashankar Oghadbhai; usage: Prabhāśaṅkara Oghaḍabhāī Somapurā)</subfield>
  </datafield>
</record>